=LDR  16578cpcaa2202209 a 4500
=001  2083918
=005  20160606133302.0
=008  860602i19311992nyu\\\\\\\\\\\\\\\\\eng\d
=010  \\$aMS 70001053 
=035  \\$a(CStRLIN)NYCV86A118
=035  \\$a(CStRLIN)NYCV86-A118
=035  \\$a2083918
=035  \\$a(OCoLC)123439230
=040  \\$aNIC$eappm$cNIC$dNIC$dNIC$dNIC
=100  1\$aBethe, Hans A.$q(Hans Albrecht),$d1906-2005.
=245  00$aHans Bethe papers,$f[ca. 1931]-1992.
=300  \\$a75.8 cubic ft.
=300  \\$a9 videocassettes.
=300  \\$a1 videodisc.
=300  \\$a4 reel-to-reel tapes.
=300  \\$a7 cassette tapes.
=506  \\$361-66, 69-72, and 76-107 are restricted to permission of the archivist
=545  \\$aHans Albrecht Bethe (1906-2005) was among the most prominent physicists of the twentieth century, most famous for his work on the Manhattan Project during World War II, and for his Nobel prize-winning work on solar energy (1967).
=545  \\$bBorn in Strasbourg, Bethe studied physics at Frankfurt and under Arnold Sommerfeld at the University of Munich. In 1930 he received a fellowship to Cambridge. He began his professional career at universities in Germany, and also worked with Enrico Fermi in Rome in the early 1930's. Although Bethe did not consider himself a Jew, his mother had Jewish ancestry, and thus he was removed from his university position at Tuebingen under the Nuremberg laws once Hitler came to power. He emigrated first to a position at Manchester, and then to Cornell University in 1935, where he would teach for the rest of his career.
=545  \\$bIn his early years at Cornell, Bethe formulated his theory of how stars produce energy, an achievement that would win him the Nobel Prize in 1967. Further notable accomplishments included his work on the Lamb Shift, his famous three-part summary of nuclear physics, and his post-retirement collaboration with Gerry Brown on supernovae and neutrinos.
=545  \\$bDuring World War II, he headed the Theoretical Division at Los Alamos National Laboratory  as part of the Manhattan Project to build the atomic bomb. Despite his concerns about escalating the nuclear arms race, he assisted in the development of the Hydrogen bomb in the 1950's. Through these experiences, he became a vocal adversary of the nuclear arms race and control, opposing programs such as the Strategic Defense Initiative, and arguing in favor of anti-proliferation and test ban treaties, including SALT I and II. He was also an impassioned supporter of nuclear power as a solution to American energy needs. He was involved in policy throughout his adult life, as a science advisor to several presidents, as someone who frequently testified before Congress on issues of scientific importance, and as an advocate for the role of scientists in public affairs.
=545  \\$bHe also performed extensive consulting work for the U.S. government and American labs, such as the Los Alamos National Laboratory (LANL), the Argonne National Laboratory (ANL) and the Oakridge and Lawrence Livermore Laboratories. He also did consulting work for businesses such as Avco. Such consulting work generally related either to nuclear energy, or to defense.
=545  \\$bAfter immigrating to the United States, he reconnected with Rose Ewald, daughter of his earlier physics mentor, Peter Paul Ewald. They married in 1939, and had two children, Henry and Monica. He retired from Cornell in 1975, but continued his astrophysics research and continued to be an expert on thermonuclear processes, shock waves, and neutrino reactions.
=545  \\$bBethe died at age 98 in 2005, having continued to participate in scientific study and policy until late in his life.
=520  \\$aPapers consist of Bethe's calculations, notes, and correspondence with colleagues concerning nuclear physics, solar, stellar, and nuclear energy, radiation, conduction in metals, quantum mechanics, the recommendation of physicists for various positions and grants, administration of the Cornell University Physics Department, Cornell courses, arms and arms control, underwater explosion research, nuclear test ban, and other topics; reports and hearings of the Atomic Energy Commission; Navy research reports; President's Science Advisory Committee memoranda; phonograph album of a television interview with Bethe concerning scientific education in the United States; articles, reprints, lectures, and textbooks by Bethe and others; reviews of professional writings; Ph.D. theses from the Cornell Physics Department; an engraving and two posters of Bethe used to advertise the Lauritsen Memorial Lecture for 1980; and correspondence received when Bethe won the Nobel Prize. Collection includes material on Strategic Defense Initiative, the H-Bomb and the Anti-Ballistic Missile, the end of the Cold War, and supernovae.  Correspondents include Kenneth T. Bainbridge, Niels Bohr, Gregory Breit, Lee A. DuBridge, George Gamow, R. Clifton Gibbs, Emil J. Konopinski, Sigurd Kohler, Irving Langmuir, Ernest O. Lawrence, Edwin M. McMillan, Carleton Murdock, Lothar W. Nordheim, J. Robert Oppenheimer, George B. Pegram, Isidor I. Rabi, Morris E. Rose, Bruno Rossi, Harlow Shapley, Eugene Paul Wigner, Robert Wilson, and Victor Weisskopf.
=520  \\$aRecords created or assembled by Hans Bethe. The collection includes correspondence; drafts and copies of Bethe's articles; articles and publications gathered for his research; notes and calculations; material related to arms control and nuclear energy advocacy, including copies of congressional testimony; meeting minutes and memoranda related to Cornell University and the physics department, and material assembled for teaching, such as overhead transparencies; clippings; transcripts of oral history interviews; and material relating to Bethe's consulting work, including memoranda from the President's Science Advisory Committee and Navy research reports.
=520  \\$aHis research topics include nuclear physics, astrophysics, radiation, quantum mechanics, and metal conduction. Other topics include policy, and materials related to the history of physics and science, including research, biographies of other physics luminaries, and interviews with Bethe. Some Bethe interviews are printed, five are on videocassette, and one is on a phonograph.
=520  \\$aWhile material in the collection dates back to the 1930's, the bulk of it dates from 1950-2000. Bethe actually assembled some of the earlier material later. For instance, he later collected photocopies of his old letters from the 1930's, some of which were photocopied from other archives.
=520  8\$aAlso, five videocassettes:  "An Evening with Hans Bethe:  The German A-Bomb Project"; "A Conversation with Emeritus Professor Dr. Hans Bethe and Dr. Victor Weisskopf"; "A Conversation with Emeritus Professors Dr. Hans Bethe and Dr. Robert Wilson"; and, "Hans Bethe:  Super Nova Mechanism," and "'I can do that!' - Hans Bethe's First 60 Years at Cornell."  Includes a photograph of Bethe, Day, Long et al at the groundbreaking for Newman Laboratory, and a photograph of Bethe with Peter Carruthers and Carson Mark near Los Alamos, circa 1980.
=520  8\$aTen audio recordings, including Fermi Memoriam Session Remarks, 29 April 1955; Hans Bethe, introduced by Norris Bradbury (2 reels), n.d.; Physics Lecture, 7 May 1976 (1 cassette); "The Energy Problem I: The Crisis is Real," 17 May 1976; "The Energy Problem: The Necessity of Nuclear Power," 19 May 1976; and Loeb Lecture, "Reversing the Nuclear Arms Race," 11 November 1982; and "A Talk with Hans Bethe," WSKG, 30 March 1995.
=520  8\$aAlso, packet  celebrating life of Hans A. Bethe containing booklet "Hans Bethe, 1906-2005," DVD "Remembering Hans Bethe," three programs, one news release; movie film, "The Nobel Prize in Physics in 1967."
=544  1\$aSee also the Hans Bethe reprint collection, #4706 and Internet-First University Press Collection, #6746, for more DVDs
=524  \\$aHans Bethe papers, #14-22-976.  Division of Rare and Manuscript Collections, Cornell University Library.
=545  \\$aPhysicist, Cornell University professor of physics, Nobel laureate.
=555  0\$aUnpublished guide.
=600  10$aBainbridge, Kenneth T.$q(Kenneth Tompkins),$d1904-1996.
=600  10$aBohr, Niels,$d1885-1962.
=600  10$aBreit, Gregory,$d1899-1981.
=600  10$aBrown, G. E.$q(Gerald Edward),$d1926-
=600  10$aBrueckner, Keith A.
=600  10$aCarruthers, Peter A.,$d1935-1997.
=600  10$aCohen, Bernard.
=600  10$aDimotakis, Paul.
=600  10$aDuBridge, Lee A.$q(Lee Alvin),$d1901-1994.
=600  10$aEwald, Paul Peter,$d1888-1985
=600  10$aFeynman, Richard P.$q(Richard Phillips),$d1918-1988.
=600  10$aFowler, William A.
=600  10$aGamow, George,$d1904-1968.
=600  10$aGibbs, R. C.$q(Roswell Clifton),$d1878-
=600  10$aHeisenberg, Werner,$d1901-1976.
=600  10$aKonopinski, Emil Jan,$d1911-
=600  10$aKohler, Sigurd.
=600  10$aLangmuir, Irving,$d1881-1957.
=600  10$aLawrence, Ernest Orlando,$d1901-1958.
=600  10$aLovins, Amory B.,$d1947-
=600  10$aMark, Carson.
=600  10$aMcMillan, Edwin M.$q(Edwin Mattison),$d1907-
=600  10$aMcNamara, Robert S.,$d1916-2009.
=600  10$aMurdock, Carleton C.$q(Carleton Chase),$d1884-
=600  10$aNegele, John W.
=600  10$aNomoto, Kanʼichi,$d1937-
=600  10$aNordheim, Lothar,$d1899-
=600  10$aOppenheimer, J. Robert,$d1904-1967.
=600  10$aPegram, George Braxton,$d1876-1958.
=600  10$aPeierls, Rudolf E.$q(Rudolf Ernst),$d1907-1995
=600  10$aRabi, I. I.$q(Isidor Isaac),$d1898-1988.
=600  10$aRose, Morris Edgar,$d1911-
=600  10$aRossi, Bruno,$d1905-1993.
=600  10$aSalpeter, Edwin E.
=600  10$aSchweber, S. S.$q(Silvan S.)
=600  10$aShapley, Harlow,$d1885-1972.
=600  10$aSommerfeld, Arnold,$d1868-1951.
=600  10$aSudoplatov, Pavel,$d1907-1996.
=600  10$aTeller, Edward,$d1908-2003.
=600  10$aWeisskopf, Victor Frederick,$d1908-2002.
=600  10$aWigner, Eugene Paul,$d1902-1995.
=600  10$aWilson, Robert R.,$d1914-2000.
=600  10$aWoosley, Stanford E.
=610  20$aAmericans for Energy Independence.
=610  20$aCornell University.
=610  20$aCornell University$xFaculty.
=610  20$aCornell University.$bDepartment of Physics.
=610  20$aFederation of American Scientists.
=610  20$aU.S. Atomic Energy Commission.
=610  10$aUnited States.$bPresident's Science Advisory Committee.
=630  \0$aNobel Prize winners.
=650  \0$aAstrophysics.
=650  \0$aAnti-missile missiles.
=650  \0$aArms control.
=650  \0$aCollege teachers.
=650  \0$aMetals.
=650  \0$aNuclear energy.
=650  \0$aNuclear explosions.
=650  \0$aNuclear nonproliferation.
=650  \0$aNuclear physics$xResearch.
=650  \0$aNuclear weapons$xTesting.
=650  \0$aPhysics$xStudy and teaching.
=650  \0$aPhysicists.
=650  \0$aQuantum theory.
=650  \0$aRadiation.
=650  \0$aScience and state$zUnited States.
=650  \0$aSolar energy$xResearch.
=650  \0$aStrategic Defense Initiative.
=650  \0$aSupernovae.
=655  \7$aReviews.$2aat
=600  17$aBainbridge, Kenneth T.$q(Kenneth Tompkins),$d1904-1996$2fast$0(OCoLC)fst00462606
=600  17$aBohr, Niels,$d1885-1962$2fast$0(OCoLC)fst01716682
=600  17$aBreit, Gregory,$d1899-1981$2fast$0(OCoLC)fst01757951
=600  17$aBrown, G. E.$q(Gerald Edward),$d1926-$2fast$0(OCoLC)fst00013542
=600  17$aBrueckner, Keith A.$2fast$0(OCoLC)fst00383048
=600  17$aCarruthers, Peter A.,$d1935-1997$2fast$0(OCoLC)fst01760489
=600  17$aCohen, Bernard$2fast$0(OCoLC)fst00082172
=600  17$aDimotakis, Paul$2fast/NIC/NAC
=600  17$aDuBridge, Lee A.$q(Lee Alvin),$d1901-1994$2fast$0(OCoLC)fst01728498
=600  17$aEwald, Paul Peter,$d1888-1985$2fast$0(OCoLC)fst01427570
=600  17$aFeynman, Richard P.$q(Richard Phillips),$d1918-1988$2fast$0(OCoLC)fst01753634
=600  17$aFowler, William A.$2fast$0(OCoLC)fst00071949
=600  17$aGamow, George,$d1904-1968$2fast$0(OCoLC)fst00051336
=600  17$aGibbs, R. C.$q(Roswell Clifton),$d1878-$2fast$0(OCoLC)fst01820490
=600  17$aHeisenberg, Werner,$d1901-1976$2fast$0(OCoLC)fst00009701
=600  17$aKohler, Sigurd$2fast/NIC/NAC
=600  17$aKonopinski, Emil Jan,$d1911-$2fast$0(OCoLC)fst00053659
=600  17$aLangmuir, Irving,$d1881-1957$2fast$0(OCoLC)fst00123492
=600  17$aLawrence, Ernest Orlando,$d1901-1958$2fast$0(OCoLC)fst00074979
=600  17$aLovins, Amory B.,$d1947-$2fast$0(OCoLC)fst00037060
=600  17$aMark, Carson$2fast$0(OCoLC)fst01563004
=600  17$aMcMillan, Edwin M.$q(Edwin Mattison),$d1907-$2fast$0(OCoLC)fst00390752
=600  17$aMcNamara, Robert S.,$d1916-2009$2fast$0(OCoLC)fst01731468
=600  17$aMurdock, Carleton C.$q(Carleton Chase),$d1884-$2fast$0(OCoLC)fst01836471
=600  17$aNegele, John W.$2fast/NIC/NAC
=600  17$aNomoto, Kanʼichi,$d1937-$2fast/NIC/NAC
=600  17$aNordheim, Lothar,$d1899-$2fast$0(OCoLC)fst01563005
=600  17$aOppenheimer, J. Robert,$d1904-1967$2fast$0(OCoLC)fst00001453
=600  17$aPegram, George Braxton,$d1876-1958$2fast$0(OCoLC)fst00252334
=600  17$aPeierls, Rudolf E.$q(Rudolf Ernst),$d1907-1995$2fast$0(OCoLC)fst01734798
=600  17$aRabi, I. I.$q(Isidor Isaac),$d1898-1988$2fast$0(OCoLC)fst00017697
=600  17$aRose, Morris Edgar,$d1911-$2fast$0(OCoLC)fst01462348
=600  \7$aRossi, Bruno,$d1905-1993$2fast$0(OCoLC)fst00016906
=600  17$aSalpeter, Edwin E.$2fast$0(OCoLC)fst01459832
=600  17$aSchweber, S. S.$q(Silvan S.)$2fast/NIC/NAC
=600  17$aShapley, Harlow,$d1885-1972$2fast$0(OCoLC)fst00007259
=600  17$aSommerfeld, Arnold,$d1868-1951$2fast$0(OCoLC)fst00143883
=600  17$aSudoplatov, Pavel,$d1907-1996$2fast$0(OCoLC)fst00340151
=600  17$aTeller, Edward,$d1908-2003$2fast$0(OCoLC)fst00031911
=600  17$aWeisskopf, Victor Frederick,$d1908-2002$2fast$0(OCoLC)fst00045193
=600  17$aWigner, Eugene Paul,$d1902-1995$2fast$0(OCoLC)fst01433226
=600  17$aWilson, Robert R.,$d1914-2000$2fast$0(OCoLC)fst01760066
=600  17$aWoosley, Stanford E.$2fast/NIC/NAC
=610  27$aAmericans for Energy Independence$2fast$0(OCoLC)fst00534785
=610  27$aCornell University$2fast$0(OCoLC)fst00530369
=610  27$aCornell University.$bDepartment of Physics$2fast$0(OCoLC)fst01813942
=610  27$aFederation of American Scientists$2fast$0(OCoLC)fst00578311
=610  27$aU.S. Atomic Energy Commission$2fast$0(OCoLC)fst00525928
=610  17$aUnited States.$bPresident's Science Advisory Committee$2fast$0(OCoLC)fst00517678
=630  \7$aNobel Prize winners (Title)$2fast$0(OCoLC)fst01796871
=650  \7$aArms control$2fast$0(OCoLC)fst00814908
=650  \7$aAstrophysics$2fast$0(OCoLC)fst00819797
=650  \7$aCollege teachers$2fast$0(OCoLC)fst00868114
=650  \7$aMetals$2fast$0(OCoLC)fst01018047
=650  \7$aNuclear energy$2fast$0(OCoLC)fst01039951
=650  \7$aNuclear explosions$2fast$0(OCoLC)fst01040084
=650  \7$aNuclear nonproliferation$2fast$0(OCoLC)fst01040376
=650  \7$aNuclear physics$xResearch$2fast$0(OCoLC)fst01040411
=650  \7$aNuclear weapons$xTesting$2fast$0(OCoLC)fst01041006
=650  \7$aPhysicists$2fast$0(OCoLC)fst01063014
=650  \7$aPhysics$xStudy and teaching$2fast$0(OCoLC)fst01063108
=650  \7$aQuantum theory$2fast$0(OCoLC)fst01085128
=650  \7$aRadiation$2fast$0(OCoLC)fst01086839
=650  \7$aScience and state$2fast$0(OCoLC)fst01108536
=650  \7$aSolar energy$xResearch$2fast$0(OCoLC)fst01125027
=650  \7$aStrategic Defense Initiative$2fast$0(OCoLC)fst01134336
=650  \7$aSupernovae$2fast$0(OCoLC)fst01138973
=650  \7$aUniversities and colleges$xFaculty$2fast$0(OCoLC)fst01161748
=651  \7$aUnited States$2fast$0(OCoLC)fst01204155
=730  02$aHans Bethe: celebrating "an exemplary life."
=856  42$3Finding aid$uhttp://resolver.library.cornell.edu/cgi-bin/EADresolver?id=RMA00976
=856  42$3Electronic resources/ related resources$uhttp://ecommons.library.cornell.edu/handle/1813/14146
=948  3\$a20070525$hRLINAMC$iRLINAMC1.mrc
=948  2\$a20130123$bm$djtc46$ermc
=948  2\$a20141130$bm$dbatch$elts$xaddfast
=948  2\$a20160228$bm$dbatch$elts
=948  3\$a20160228$hFast_updates$iFASTChangeReport2016-01-14.txt

