=LDR  02674cam a22003854a 4500
=001  6686214
=005  20141231110816.0
=008  090130s2010\\\\enka\\\\\b\\\\011\0\eng\\
=010  \\$a  2009002259
=020  \\$a9781841696928 (hardback)
=020  \\$a1841696927 (hardback)
=029  1\$aBWK$bL5824339
=035  \\$a6686214
=035  \\$a(OCoLC)301705488
=040  \\$aDLC$cDLC$dBTCTA$dYDXCP$dBWKUK$dBWK
=050  00$aBF378.A33$bM46 2010
=082  00$a153.1/2$222
=245  00$aMemory, aging and the brain :$ba festschrift in honour of Lars-Göran Nilsson /$cedited by Lars Bäckman and Lars Nyberg.
=260  \\$aHove [England] ;$aNew York :$bPsychology Press,$c2010.
=300  \\$aviii, 355 p. :$bill. ;$c24 cm.
=504  \\$aIncludes bibliographical references and indexes.
=505  0\$aLong-term and working memory : how do they interact? / Alan Baddeley -- Memory for actions : how different? / Henry L. Roediger III and Franklin M. Zaromb -- Visual perceptual memory : anno 2008 / Svein Magnussen ... [et al.] -- Remembering in time : cognitive control of time keeping / Timo Mäntylä -- How do brains detect novelty? / Endel Tulving -- Bilingualism and aging : costs and benefits / Fergus I. M. Craik and Ellen Bialystok -- Sex differences in episodic memory : the where but not the why / Agneta Herlitz ... [et al.] -- An epidemiological approach to cognitive health in aging / Roger A. Dixon -- Decline-induced plastic changes of brain and behavior in aging / Martin Lövdén -- Dopamine, cognition, and human aging : new evidence and ideas / Lars Bäckman and Lars Nyberg -- Post-traumatic fear memories : analyzing a case-study of a sexual assault / Arne Öhman -- Environmental influences on autobiographical memory : the mnestic block syndrome / Matthias Brand, Hans J. Markowitsch -- The cognitive neuroscience of signed language : applications to a working memory system for sign and speech / Jerker Rönnberg, Mary Rudner & Catharina Foo -- The mismatch negativity as an index of different forms of memory in audition / Risto Näätänen and Kairi Kreegipu -- Imaging genomics : brain alterations associated with the APOE genotype / Johanna Lind and Lars Nyberg.
=650  \0$aMemory.
=650  \0$aAging.
=650  \0$aBrain.
=650  \7$aAging$2fast$0(OCoLC)fst00800293
=650  \7$aBrain$2fast$0(OCoLC)fst00837570
=650  \7$aMemory$2fast$0(OCoLC)fst01015913
=700  1\$aNilsson, Lars-Göran,$d1944-
=700  1\$aBäckman, Lars.
=700  1\$aNyberg, Lars,$d1966-
=902  \\$apfnd$bRobinson
=948  1\$a20091002$bf$dcac2$elts
=948  2\$a20141231$bm$dbatch$elts$xaddfast
=980  \\$g1$hp1215$n2009002259$vCouttsUK

